@thesis{menzata2014sistem,
    title={Sistem perolehan citra berbasis konten dan klasifikasi citra batik dengan convolutional stacked autoencoder},
    author={Menzata, Remmy Augusta},
    year={2014},
    publisher={Fakultas Ilmu Komputer},
    organization={Universitas Indonesia}
}

@inproceedings{willy2013evaluation,
  title={Evaluation of SIFT and SURF features in the songket recognition},
  author={Willy, Dominikus and Noviyanto, Ary and Arymurthy, Aniati Murni},
  booktitle={Advanced Computer Science and Information Systems (ICACSIS), 2013 International Conference on},
  pages={393--396},
  year={2013},
  organization={IEEE}
}

@article{simonyan2014very,
  title={Very deep convolutional networks for large-scale image recognition},
  author={Simonyan, Karen and Zisserman, Andrew},
  journal={arXiv preprint arXiv:1409.1556},
  year={2014}
}

@article{lecun2015deep,
  title={Deep learning},
  author={LeCun, Yann and Bengio, Yoshua and Hinton, Geoffrey},
  journal={Nature},
  volume={521},
  number={7553},
  pages={436--444},
  year={2015},
  publisher={Nature Publishing Group}
}
